<?xml version="1.0" encoding="UTF-8"?><record xmlns="http://www.loc.gov/MARC21/slim" xmlns:cinclude="http://apache.org/cocoon/include/1.0" xmlns:zs="http://www.loc.gov/zing/srw/">
  <leader>00944cz  a2200169n  4500</leader>
  <controlfield tag="001">nr 96013428 </controlfield>
  <controlfield tag="003">DLC</controlfield>
  <controlfield tag="005">20120731084048.0</controlfield>
  <controlfield tag="008">960404n| acannaab           |n aaa     c</controlfield>
  <datafield tag="010" ind1=" " ind2=" ">
    <subfield code="a">nr 96013428 </subfield>
  </datafield>
  <datafield tag="035" ind1=" " ind2=" ">
    <subfield code="a">(Uk)wb012096</subfield>
  </datafield>
  <datafield tag="040" ind1=" " ind2=" ">
    <subfield code="a">Uk/ESTC-NA</subfield>
    <subfield code="b">eng</subfield>
    <subfield code="c">ESTC-NA</subfield>
    <subfield code="d">DLC</subfield>
  </datafield>
  <datafield tag="100" ind1="1" ind2=" ">
    <subfield code="a">Smith, J.,</subfield>
    <subfield code="c">of Worcester</subfield>
  </datafield>
  <datafield tag="667" ind1=" " ind2=" ">
    <subfield code="a">THIS 1XX FIELD CANNOT BE USED UNDER RDA UNTIL THIS RECORD HAS BEEN REVIEWED AND/OR UPDATED</subfield>
  </datafield>
  <datafield tag="667" ind1=" " ind2=" ">
    <subfield code="a">Data provided by the ESTC/BL</subfield>
  </datafield>
  <datafield tag="670" ind1=" " ind2=" ">
    <subfield code="a">Captaine Burley his speech at the place of execution at Winchester, where he was hang'd, drawn, and quartered, for endevouring to raise forces to take away the King from the Isle of Wyght. Also a letter from his Majesties court at Carisbrook-Castle. And a great rising in the city of Worcester; certified by a letter to a member of the House of Commons. Feb. 7. 1647, 1648:</subfield>
    <subfield code="b">letter to a member of the House of Commons signed (J. Smith)</subfield>
  </datafield>
  <datafield tag="670" ind1=" " ind2=" ">
    <subfield code="a">BM</subfield>
    <subfield code="b">(Smith, J., of Worcester)</subfield>
  </datafield>
</record>